=LDR  01052 as a2200349 i 4500
=001  018607042
=003  Uk
=005  20210301074547.0
=006  m\\\\\\\\d\\\\\\\\
=007  cr\|||||||||||
=008  171113c\\\\9999\\\\\\p\s\\\\\0\\\a0eng\\
=FMT  \\$a  SE
=040  \\$aUk$beng$cUk$erda
=245  00$aEmerald Archive-Backfile, Premier 1898-2006.
=336  \\$atext$2rdacontent
=337  \\$acomputer$2rdamedia
=338  \\$aonline resource$2rdacarrier
=538  \\$aMode of access: World Wide Web.
=856  \\$31850-9999$uhttp://www.emeraldinsight.com/$xBLDSS
=945  \\$a(Online)
=959  \\$fCurrently received
=CAT  \\$a12654$b40$c20171113$lBLL01$h1219
=CAT  \\$aBLDSS-3PM$b00$c20171124$lBLL01$h1415
=CAT  \\$aBATCH-UPD$b00$c20171124$lBLL01$h1418
=CAT  \\$a8055$b40$c20180627$lBLL01$h1259
=CAT  \\$a5552$b40$c20210212$lBLL01$h0923
=CAT  \\$a5552$b40$c20210301$lBLL01$h0745
=EST  \\$a1
=STA  \\$aSUPPRESSED$bLibrary use only
=TOC  \\$aETOC
=UNO  \\$aY
=LAS  \\$a5552$b40$c20210301$lBLL01$h0745

