=LDR  01031 as a2200325 i 4500
=001  018692372
=003  Uk
=005  20210301074443.0
=006  m\\\\\\\\d\\\\\\\\
=007  cr\|||||||||||
=008  180123c\\\\9999\\\\\\p\s\\\\\0\\\a0eng\\
=FMT  \\$a  SE
=040  \\$aUk$beng$cUk$erda
=245  00$aElsevier intermediate backfile collections 1995 to 2004 (inclusive)
=336  \\$atext$2rdacontent
=337  \\$acomputer$2rdamedia
=338  \\$aonline resource$2rdacarrier
=538  \\$aMode of access: World Wide Web.
=856  \\$31850-9999$uhttp://www.sciencedirect.com/$xBLDSS
=959  \\$fCurrently received
=CAT  \\$a12654$b40$c20180123$lBLL01$h1137
=CAT  \\$aBLDSS-3PM$b00$c20180131$lBLL01$h1704
=CAT  \\$aBATCH-UPD$b00$c20180131$lBLL01$h1706
=CAT  \\$a5552$b40$c20200916$lBLL01$h0842
=CAT  \\$a5552$b40$c20210212$lBLL01$h1116
=CAT  \\$a5552$b40$c20210301$lBLL01$h0744
=EST  \\$a1
=STA  \\$aSUPPRESSED$bLibrary use only
=TOC  \\$aETOC
=LAS  \\$a5552$b40$c20210301$lBLL01$h0744

