=LDR  01371 as a2200373 i 4500
=001  017606563
=003  Uk
=005  20210301074517.0
=006  m\\\\\\\\d\\\\\\\\
=007  cr\|||||||||||
=008  151105c\\\\9999\\\\\\p\s\\\\\0\\\a0eng\\
=FMT  \\$a  SE
=040  \\$aUk$beng$cUk$erda
=245  00$aBentham journals archive annual subscription
=336  \\$atext$2rdacontent
=337  \\$acomputer$2rdamedia
=338  \\$aonline resource$2rdacarrier
=538  \\$aMode of access: World Wide Web.
=500  \\$aElectronic Format: Route ALL FAILED DSC requests to Records Team
=856  \\$31850-9999$uhttp://benthamscience.com/$xBLDSS
=945  \\$a(Online)
=959  \\$fCurrently received
=985  \\$aRecord created for the Remote Supply Service to enable document supply from content licenced for copyright fee paid requests only. This content is not ingested by the BL.
=CAT  \\$a12654$b40$c20151105$lBLL01$h0906
=CAT  \\$a12654$b40$c20151105$lBLL01$h0907
=CAT  \\$a12654$b40$c20151105$lBLL01$h0909
=CAT  \\$aBLDSS-3PM$b00$c20151110$lBLL01$h0756
=CAT  \\$a12654$b40$c20151111$lBLL01$h0833
=CAT  \\$a5552$b40$c20161202$lBLL01$h0931
=CAT  \\$a5552$b40$c20210212$lBLL01$h0929
=CAT  \\$a5552$b40$c20210301$lBLL01$h0745
=EST  \\$a1
=STA  \\$aSUPPRESSED$bLibrary use only
=LAS  \\$a5552$b40$c20210301$lBLL01$h0745

