=LDR  01459 as a22004097a 4500
=001  017612826
=003  Uk
=005  20210301074533.0
=007  ta
=008  151111c\\\\9999\\\\\\\\\\\\\\0\\\a0eng\\
=FMT  \\$a  SE
=040  \\$aUk$beng$cUk$dUk
=245  00$aEmerald journals archive subscription
=336  \\$atext$2rdacontent
=337  \\$acomputer$2rdamedia
=338  \\$aonline resource$2rdacarrier
=500  \\$aElectronic Format: Route ALL FAILED DSC requests to Records Team
=856  \\$31850-9999$uhttp://www.emeraldinsight.com/$xBLDSS
=959  \\$fHeld but not currently received
=985  \\$a3rd party access title for Remote supply please retain as base record when merging/deleting
=CAT  \\$a12654$b40$c20151111$lBLL01$h0831
=CAT  \\$a12654$b40$c20151111$lBLL01$h0833
=CAT  \\$a12654$b40$c20151111$lBLL01$h0845
=CAT  \\$aBLDSS-3PM$b00$c20151123$lBLL01$h1623
=CAT  \\$aBATCH-UPD$b00$c20160413$lBLL01$h1829
=CAT  \\$aBATCH-UPD$b00$c20160524$lBLL01$h2216
=CAT  \\$aBATCH-UPD$b00$c20160525$lBLL01$h0059
=CAT  \\$aBLDSS-3PM$c20160706$lBLL01$h1104
=CAT  \\$a5552$b40$c20170303$lBLL01$h1205
=CAT  \\$a12654$b40$c20171113$lBLL01$h1210
=CAT  \\$a8250$b40$c20180205$lBLL01$h1528
=CAT  \\$a5552$b40$c20210212$lBLL01$h0923
=CAT  \\$a5552$b40$c20210301$lBLL01$h0745
=EST  \\$a1
=STA  \\$aSUPPRESSED$bLibrary use only
=UNO  \\$aY
=LAS  \\$a5552$b40$c20210301$lBLL01$h0745

