=LDR  01109 as a22003377a 4500
=001  017613054
=003  Uk
=005  20210301074539.0
=007  ta
=008  151111c\\\\9999\\\\\\\\\\\\\\0\\\a0eng\\
=FMT  \\$a  SE
=040  \\$aUk$beng$cUk
=245  00$aSpringer journals archive subscription
=336  \\$atext$2rdacontent
=337  \\$acomputer$2rdamedia
=338  \\$aonline resource$2rdacarrier
=856  \\$31850-9999$uhttp://link.springer.com/$xBLDSS
=959  \\$fCurrently received
=985  \\$a3rd party access title for Remote supply please retain as base record when merging/deleting
=CAT  \\$a12654$b40$c20151111$lBLL01$h0842
=CAT  \\$aBLDSS-3PM$b00$c20151123$lBLL01$h1623
=CAT  \\$a12654$b40$c20160229$lBLL01$h0851
=CAT  \\$aBATCH-UPD$b40$c20160524$lBLL01$h2216
=CAT  \\$aBATCH-UPD$b40$c20160525$lBLL01$h0059
=CAT  \\$a5552$b40$c20170221$lBLL01$h1354
=CAT  \\$a5552$b40$c20210212$lBLL01$h0925
=CAT  \\$a5552$b40$c20210301$lBLL01$h0745
=EST  \\$a1
=STA  \\$aSUPPRESSED$bLibrary use only
=UNO  \\$aY
=LAS  \\$a5552$b40$c20210301$lBLL01$h0745

