=LDR  01411 as a2200397 i 4500
=001  017670667
=003  Uk
=005  20210301074555.0
=006  m\\\\\\\\d\\\\\\\\
=007  cr\|||||||||||
=008  151216c\\\\9999\\\\\\p\s\\\\\0\\\a0eng\\
=FMT  \\$a  SE
=040  \\$aUk$beng$cUk$erda
=245  00$aEmerald journals archive
=336  \\$atext$2rdacontent
=337  \\$acomputer$2rdamedia
=338  \\$aonline resource$2rdacarrier
=538  \\$aMode of access: World Wide Web.
=856  \\$31850-9999$uhttp://www.emeraldinsight.com/$xBLDSS
=945  \\$a(Online)
=959  \\$fHeld but not currently received
=985  \\$aRecord created for the Remote Supply Service to enable document supply from content licenced for copyright fee paid requests only. This content is not ingested by the BL.
=CAT  \\$a12654$b40$c20151216$lBLL01$h0817
=CAT  \\$a12654$b40$c20151216$lBLL01$h0819
=CAT  \\$aBLDSS-3PM$b00$c20151221$lBLL01$h1757
=CAT  \\$aBATCH-UPD$b00$c20160524$lBLL01$h2216
=CAT  \\$aBATCH-UPD$b00$c20160525$lBLL01$h0059
=CAT  \\$aBLDSS-3PM$c20160706$lBLL01$h1104
=CAT  \\$a5552$b40$c20170303$lBLL01$h1205
=CAT  \\$a12654$b40$c20171113$lBLL01$h1211
=CAT  \\$a5552$b40$c20210212$lBLL01$h0923
=CAT  \\$a5552$b40$c20210301$lBLL01$h0745
=EST  \\$a1
=STA  \\$aSUPPRESSED$bLibrary use only
=UNO  \\$aY
=LAS  \\$a5552$b40$c20210301$lBLL01$h0745

