=LDR  01281 as a2200385 i 4500
=001  017845836
=003  Uk
=005  20210212092259.0
=006  m\\\\\\\\d\\\\\\\\
=007  cr\|||||||||||
=008  160512c\\\\9999\\\\\\p\s\\\\\0\\\a0eng\\
=FMT  \\$a  SE
=040  \\$aUk$beng$cUk$erda
=245  00$aEmerald Backfile one off perpetual purchase
=336  \\$atext$2rdacontent
=337  \\$acomputer$2rdamedia
=338  \\$aonline resource$2rdacarrier
=538  \\$aMode of access: World Wide Web.
=540  \\$aCurrent copyright fee: zero$c25\0$5Uk
=856  \\$31850-9999$uhttp://www.emeraldinsight.com/$xBLDSS
=945  \\$a(Online)
=959  \\$fHeld but not currently received
=CAT  \\$a12654$b40$c20160512$lBLL01$h0815
=CAT  \\$aBLDSS-3PM$b00$c20160516$lBLL01$h1454
=CAT  \\$aBATCH-UPD$b00$c20160524$lBLL01$h2216
=CAT  \\$aBATCH-UPD$b00$c20160525$lBLL01$h0100
=CAT  \\$a5552$b40$c20170303$lBLL01$h1205
=CAT  \\$a12654$b40$c20171113$lBLL01$h1205
=CAT  \\$a5552$b40$c20210212$lBLL01$h0921
=CAT  \\$a5552$b40$c20210212$lBLL01$h0922
=CFI  0\$aCurrent copyright fee: zero$c25\0$e12-may-2016$fGBP0.00$g0$hP$5Uk
=EST  \\$a1
=STA  \\$aSUPPRESSED$bLibrary use only
=UNO  \\$aY
=LAS  \\$a5552$b40$c20210212$lBLL01$h0922

