=LDR  01509 as a2200409 i 4500
=001  016566708
=003  Uk
=005  20210301074526.0
=006  m\\\\\\\\d\\\\\\\\
=007  cr\|||||||||||
=008  131213c\\\\9999\\\\\\p\s\\\\\0\\\a0eng\\
=FMT  \\$a  SE
=040  \\$aUk$beng$cUk$erda
=245  00$aOUP journals archive annual subscription$h[electronic resource]
=336  \\$atext$2rdacontent
=337  \\$acomputer$2rdamedia
=338  \\$aonline resource$2rdacarrier
=506  \\$aAvailable only to Remote Supply Service
=500  \\$aElectronic Format: Route ALL FAILED DSC requests to Records Team
=538  \\$aMode of access: World Wide Web.
=856  \\$31850-9999$uhttp://ukcatalogue.oup.com/$xBLDSS
=945  \\$a(Online)
=959  \\$fCurrently received
=979  \\$aBritish Library$bDSC
=985  \\$aRecord created for the Remote Supply Service to enable document supply from content licenced for copyright fee paid requests only. This content is not ingested by the BL.
=CAT  \\$a8055$b40$c20131213$lBLL01$h1218
=CAT  \\$aBLDSS-3PM$b00$c20141208$lBLL01$h1628
=CAT  \\$a12654$b40$c20151105$lBLL01$h0908
=CAT  \\$aBATCH-UPD$b40$c20160524$lBLL01$h2215
=CAT  \\$aBATCH-UPD$b40$c20160525$lBLL01$h0057
=CAT  \\$a5552$b40$c20170320$lBLL01$h1429
=CAT  \\$a5552$b40$c20210212$lBLL01$h0929
=CAT  \\$a5552$b40$c20210301$lBLL01$h0745
=EST  \\$a1
=STA  \\$aSUPPRESSED$bLibrary use only
=UNO  \\$aY
=LAS  \\$a5552$b40$c20210301$lBLL01$h0745

